@article{BlackScholes,
  author  = {Fischer Black and Myron Scholes},
  title   = {The Pricing of Options and Corporate Liabilities},
  journal = {Journal of Political Economy},
  year    = {1973},
  volume  = {81},
  number  = {3},
  pages   = {637-654}
}

@book{Hull,
  author    = {John Hull},
  title     = {Options, Futures, and Other Derivatives},
  edition   = {9},
  year      = {2017},
  publisher = {Pearson}
}

@article{Merton,
  author  = {Robert Merton},
  title   = {Theory of Rational Option Pricing},
  journal = {The Bell Journal of Economics and Management Science},
  year    = {1973},
  volume  = {4},
  number  = {1},
  pages   = {141-183}
}

@book{book:571187,
   title =     {Principles of Mathematical Analysis, Third Edition},
   author =    {Walter Rudin},
   publisher = {McGraw-Hill Science Engineering Math},
   isbn =      {007054235X,9780070542358},
   year =      {1976},
   series =    {},
   edition =   {3rd},
   volume =    {},
   url =       {http://gen.lib.rus.ec/book/index.php?md5=1749d151e9d2a41636aba21137867b07}
}